<?xml version="1.0" encoding="UTF-8"?>
<ting:container xmlns:ting="http://www.dbc.dk/ting" xmlns:dkabm="http://biblstandard.dk/abm/namespace/dkabm/" xmlns:ac="http://biblstandard.dk/ac/namespace/" xmlns:dkdcplus="http://biblstandard.dk/abm/namespace/dkdcplus/" xmlns:oss="http://oss.dbc.dk/ns/osstypes" xmlns:dc="http://purl.org/dc/elements/1.1/" xmlns:dcterms="http://purl.org/dc/terms/" xmlns:xsi="http://www.w3.org/2001/XMLSchema-instance" xmlns:docbook="http://docbook.org/ns/docbook"><dkabm:record><ac:identifier>27589995|870970</ac:identifier><ac:source>Bibliotekskatalog</ac:source><dc:title>Benjamin Buttons forunderlige liv</dc:title><dc:title xsi:type="dkdcplus:full">Benjamin Buttons forunderlige liv</dc:title><dcterms:alternative>The ¤curious case of Benjamin Button</dcterms:alternative><dc:creator xsi:type="dkdcplus:drt">David Fincher</dc:creator><dc:creator xsi:type="oss:sort">Fincher, David</dc:creator><dc:subject xsi:type="dkdcplus:DK5">77.7</dc:subject><dc:subject xsi:type="dkdcplus:DK5-Text">Spillefilm</dc:subject><dc:subject xsi:type="dkdcplus:DBCS">drama</dc:subject><dc:subject xsi:type="dkdcplus:genre">drama</dc:subject><dcterms:abstract>Benjamin Button har ikke haft et helt almindeligt liv. Han blev født i en 80-årig gammel mands krop i New Orleans i 1918. I dagbogsform får vi hans forunderlige livs historie, hvor han ældes baglæns</dcterms:abstract><dc:description>Originalfilmen: USA : Warner Bros. Pictures : Paramount Pictures : Kennedy/Marshall Company, 2008</dc:description><dc:description>Af indholdet: Commentary by director David Fincher</dc:description><dcterms:audience xsi:type="dkdcplus:medieraad">Mærkning: Tilladt for børn over 11 år</dcterms:audience><dcterms:audience xsi:type="dkdcplus:age">Fra 11 år</dcterms:audience><dcterms:audience>børnematerialer</dcterms:audience><dcterms:audience>voksenmaterialer</dcterms:audience><dc:publisher>Warner Bros. Entertainment Danmark</dc:publisher><dc:contributor>David Fincher</dc:contributor><dc:contributor>Eric Roth</dc:contributor><dc:contributor>Robin Swicord</dc:contributor><dc:contributor>F. Scott Fitzgerald</dc:contributor><dc:contributor>Claudio Miranda</dc:contributor><dc:contributor xsi:type="dkdcplus:act">Brad Pitt</dc:contributor><dc:contributor xsi:type="dkdcplus:act">Cate Blanchett</dc:contributor><dc:contributor xsi:type="dkdcplus:act">Taraji P. Henson</dc:contributor><dc:contributor xsi:type="dkdcplus:act">Julia Ormond</dc:contributor><dc:contributor xsi:type="dkdcplus:act">Jason Flemyng</dc:contributor><dc:contributor xsi:type="dkdcplus:act">Mahershalhashbaz Ali</dc:contributor><dc:contributor xsi:type="dkdcplus:act">Jared Harris</dc:contributor><dc:contributor xsi:type="dkdcplus:act">Elias Koteas</dc:contributor><dc:contributor xsi:type="dkdcplus:act">Phyllis Somerville</dc:contributor><dc:date>2009</dc:date><dc:type xsi:type="dkdcplus:BibDK-Type">Dvd</dc:type><dc:format>1 dvd-video</dc:format><dcterms:extent>ca. 2 t., 39 min.</dcterms:extent><dc:language xsi:type="dcterms:ISO639-2">mul</dc:language><dc:language>Flere sprog</dc:language><dc:language xsi:type="dcterms:ISO639-2">eng</dc:language><dc:language>Engelsk</dc:language><dc:language xsi:type="dkdcplus:subtitles">ita</dc:language><dc:language xsi:type="dkdcplus:subtitles">dut</dc:language><dc:language xsi:type="dkdcplus:subtitles">ara</dc:language><dc:language xsi:type="dkdcplus:subtitles">dan</dc:language><dc:language xsi:type="dkdcplus:subtitles">fin</dc:language><dc:language xsi:type="dkdcplus:subtitles">heb</dc:language><dc:language xsi:type="dkdcplus:subtitles">gre</dc:language><dc:language xsi:type="dkdcplus:subtitles">ice</dc:language><dc:language xsi:type="dkdcplus:subtitles">nor</dc:language><dc:language xsi:type="dkdcplus:subtitles">swe</dc:language><dc:language xsi:type="dkdcplus:subtitles">eng</dc:language></dkabm:record><marcx:collection xmlns:marcx="info:lc/xmlns/marcxchange-v1"><marcx:record format="danMARC2" type="Bibliographic"><marcx:leader>00000n    2200000   4500</marcx:leader><marcx:datafield tag="001" ind1="0" ind2="0"><marcx:subfield code="a">27589995</marcx:subfield><marcx:subfield code="b">870970</marcx:subfield><marcx:subfield code="c">20130112012430</marcx:subfield><marcx:subfield code="d">20090123</marcx:subfield><marcx:subfield code="f">a</marcx:subfield></marcx:datafield><marcx:datafield tag="004" ind1="0" ind2="0"><marcx:subfield code="r">n</marcx:subfield><marcx:subfield code="a">e</marcx:subfield></marcx:datafield><marcx:datafield tag="006" ind1="0" ind2="0"><marcx:subfield code="d">11</marcx:subfield><marcx:subfield code="2">b</marcx:subfield></marcx:datafield><marcx:datafield tag="006" ind1="0" ind2="0"><marcx:subfield code="e">11</marcx:subfield><marcx:subfield code="2">d</marcx:subfield></marcx:datafield><marcx:datafield tag="008" ind1="0" ind2="0"><marcx:subfield code="t">m</marcx:subfield><marcx:subfield code="u">f</marcx:subfield><marcx:subfield code="a">2009</marcx:subfield><marcx:subfield code="b">dk</marcx:subfield><marcx:subfield code="l">mul</marcx:subfield><marcx:subfield code="v">0</marcx:subfield></marcx:datafield><marcx:datafield tag="009" ind1="0" ind2="0"><marcx:subfield code="a">m</marcx:subfield><marcx:subfield code="g">th</marcx:subfield></marcx:datafield><marcx:datafield tag="021" ind1="0" ind2="0"><marcx:subfield code="b">Brugsretskategori: C+</marcx:subfield></marcx:datafield><marcx:datafield tag="023" ind1="0" ind2="0"><marcx:subfield code="a">5051895013243</marcx:subfield></marcx:datafield><marcx:datafield tag="023" ind1="0" ind2="0"><marcx:subfield code="a">5051895013236</marcx:subfield></marcx:datafield><marcx:datafield tag="032" ind1="0" ind2="0"><marcx:subfield code="a">DBI200941</marcx:subfield><marcx:subfield code="x">BKM200941</marcx:subfield><marcx:subfield code="x">ACC200926</marcx:subfield><marcx:subfield code="x">DAT991303</marcx:subfield></marcx:datafield><marcx:datafield tag="041" ind1="0" ind2="0"><marcx:subfield code="a">eng</marcx:subfield><marcx:subfield code="s">ita</marcx:subfield><marcx:subfield code="u">ita</marcx:subfield><marcx:subfield code="u">dut</marcx:subfield><marcx:subfield code="u">ara</marcx:subfield><marcx:subfield code="u">dan</marcx:subfield><marcx:subfield code="u">fin</marcx:subfield><marcx:subfield code="u">heb</marcx:subfield><marcx:subfield code="u">gre</marcx:subfield><marcx:subfield code="u">ice</marcx:subfield><marcx:subfield code="u">nor</marcx:subfield><marcx:subfield code="u">swe</marcx:subfield><marcx:subfield code="u">eng</marcx:subfield></marcx:datafield><marcx:datafield tag="245" ind1="0" ind2="0"><marcx:subfield code="a">Benjamin Buttons forunderlige liv</marcx:subfield><marcx:subfield code="p">The ¤curious case of Benjamin Button</marcx:subfield><marcx:subfield code="e">directed by David Fincher</marcx:subfield><marcx:subfield code="e">screenplay by Eric Roth</marcx:subfield><marcx:subfield code="e">screen story by Eric Roth and Robin Swicord</marcx:subfield><marcx:subfield code="e">from the short story by F. Scott Fitzgerald</marcx:subfield><marcx:subfield code="f">produced by Kathleen Kennedy, Frank Marshall ... Ceán Chaffin</marcx:subfield><marcx:subfield code="e">director of photography Claudio Miranda</marcx:subfield></marcx:datafield><marcx:datafield tag="260" ind1="0" ind2="0"><marcx:subfield code="a">[S.l.]</marcx:subfield><marcx:subfield code="b">Warner Bros. Entertainment Danmark</marcx:subfield><marcx:subfield code="c">2009</marcx:subfield></marcx:datafield><marcx:datafield tag="300" ind1="0" ind2="0"><marcx:subfield code="n">1 dvd-video</marcx:subfield><marcx:subfield code="l">ca. 2 t., 39 min.</marcx:subfield></marcx:datafield><marcx:datafield tag="504" ind1="0" ind2="0"><marcx:subfield code="&amp;">1</marcx:subfield><marcx:subfield code="a">Benjamin Button har ikke haft et helt almindeligt liv. Han blev født i en 80-årig gammel mands krop i New Orleans i 1918. I dagbogsform får vi hans forunderlige livs historie, hvor han ældes baglæns</marcx:subfield></marcx:datafield><marcx:datafield tag="508" ind1="0" ind2="0"><marcx:subfield code="a">Engelsk tale, samt synkronisering på italiensk</marcx:subfield></marcx:datafield><marcx:datafield tag="508" ind1="0" ind2="0"><marcx:subfield code="a">Undertekster på italiensk, hollandsk, arabisk, dansk, finsk, hebraisk, græsk, islandsk, norsk og svensk</marcx:subfield></marcx:datafield><marcx:datafield tag="508" ind1="0" ind2="0"><marcx:subfield code="a">Tekstet for hørehæmmede på engelsk og italiensk</marcx:subfield></marcx:datafield><marcx:datafield tag="508" ind1="0" ind2="0"><marcx:subfield code="a">Fortalt for synshandicappede på engelsk</marcx:subfield></marcx:datafield><marcx:datafield tag="512" ind1="0" ind2="0"><marcx:subfield code="i">Medvirkende</marcx:subfield><marcx:subfield code="e">Brad Pitt, Cate Blanchett, Taraji P. Henson, Julia Ormond, Jason Flemyng, Mahershalhashbaz Ali, Jared Harris, Elias Koteas, Phyllis Somerville ... et al.</marcx:subfield></marcx:datafield><marcx:datafield tag="512" ind1="0" ind2="0"><marcx:subfield code="a">Originalfilmen: USA : Warner Bros. Pictures : Paramount Pictures : Kennedy/Marshall Company, 2008</marcx:subfield></marcx:datafield><marcx:datafield tag="517" ind1="0" ind2="0"><marcx:subfield code="&amp;">1</marcx:subfield><marcx:subfield code="a">Mærkning: Tilladt for børn over 11 år</marcx:subfield></marcx:datafield><marcx:datafield tag="517" ind1="0" ind2="0"><marcx:subfield code="&amp;">1</marcx:subfield><marcx:subfield code="a">Fra 11 år</marcx:subfield></marcx:datafield><marcx:datafield tag="534" ind1="0" ind2="0"><marcx:subfield code="&amp;">1</marcx:subfield><marcx:subfield code="a">Af indholdet: Commentary by director David Fincher</marcx:subfield></marcx:datafield><marcx:datafield tag="538" ind1="0" ind2="0"><marcx:subfield code="a">Y 22420</marcx:subfield></marcx:datafield><marcx:datafield tag="652" ind1="0" ind2="0"><marcx:subfield code="m">77.7</marcx:subfield></marcx:datafield><marcx:datafield tag="666" ind1="0" ind2="0"><marcx:subfield code="0"></marcx:subfield><marcx:subfield code="s">drama</marcx:subfield></marcx:datafield><marcx:datafield tag="700" ind1="0" ind2="0"><marcx:subfield code="a">Fincher</marcx:subfield><marcx:subfield code="h">David</marcx:subfield></marcx:datafield><marcx:datafield tag="700" ind1="0" ind2="0"><marcx:subfield code="a">Roth</marcx:subfield><marcx:subfield code="h">Eric</marcx:subfield></marcx:datafield><marcx:datafield tag="700" ind1="0" ind2="0"><marcx:subfield code="a">Swicord</marcx:subfield><marcx:subfield code="h">Robin</marcx:subfield></marcx:datafield><marcx:datafield tag="700" ind1="0" ind2="0"><marcx:subfield code="å">1</marcx:subfield><marcx:subfield code="a">Fitzgerald</marcx:subfield><marcx:subfield code="h">F. Scott</marcx:subfield></marcx:datafield><marcx:datafield tag="700" ind1="0" ind2="0"><marcx:subfield code="a">Miranda</marcx:subfield><marcx:subfield code="h">Claudio</marcx:subfield></marcx:datafield><marcx:datafield tag="900" ind1="0" ind2="0"><marcx:subfield code="a">Scott Fitzgerald</marcx:subfield><marcx:subfield code="h">F.</marcx:subfield><marcx:subfield code="z">700/1</marcx:subfield></marcx:datafield><marcx:datafield tag="990" ind1="0" ind2="0"><marcx:subfield code="o">200941</marcx:subfield><marcx:subfield code="b">n</marcx:subfield><marcx:subfield code="b">v</marcx:subfield><marcx:subfield code="u">nt</marcx:subfield></marcx:datafield><marcx:datafield tag="991" ind1="0" ind2="0"><marcx:subfield code="o">Må udlånes fra: 16.10.2009</marcx:subfield></marcx:datafield><marcx:datafield tag="996" ind1="0" ind2="0"><marcx:subfield code="a">DBC</marcx:subfield></marcx:datafield><marcx:datafield tag="d08" ind1="0" ind2="0"><marcx:subfield code="o">mbf</marcx:subfield><marcx:subfield code="o">amh</marcx:subfield><marcx:subfield code="k">kkpn</marcx:subfield></marcx:datafield><marcx:datafield tag="d08" ind1="0" ind2="0"><marcx:subfield code="a">rettet i forb. med tilf. af 041s</marcx:subfield></marcx:datafield><marcx:datafield tag="f06" ind1="0" ind2="0"><marcx:subfield code="b">n</marcx:subfield><marcx:subfield code="b">v</marcx:subfield></marcx:datafield><marcx:datafield tag="n51" ind1="0" ind2="0"><marcx:subfield code="a">20091005</marcx:subfield></marcx:datafield><marcx:datafield tag="n55" ind1="0" ind2="0"><marcx:subfield code="a">20090123</marcx:subfield></marcx:datafield><marcx:datafield tag="s12" ind1="0" ind2="0"><marcx:subfield code="t">TeamBMV200938</marcx:subfield></marcx:datafield><marcx:datafield tag="z99" ind1="0" ind2="0"><marcx:subfield code="a">masseret</marcx:subfield></marcx:datafield></marcx:record></marcx:collection><oss:openurl/><adminData><creationDate>2009-01-23</creationDate><libraryType>none</libraryType><indexingAlias>danmarcxchange</indexingAlias><accessType>physical</accessType><genre>fiktion</genre><collectionIdentifier>870970-basis</collectionIdentifier></adminData></ting:container>